@phdthesis{Abney87a,
	author = {Abney, Steven P.},
	title = {The {E}nglish Noun Phrase in its Sentential Aspect},
	school = {Massachusetts Institute of Technology},
	URL = {http://www.vinartus.net/spa/publications.html},
	URLdate = {23/12/2009},
	type = {Ph{D} Thesis},
	year = {1987}}
   
@incollection{Ackema15a,
   Author = {Ackema, Peter},
   Title = {Arguments and Adjuncts},
   BookTitle = {Syntax -- {T}heory and Analysis: An International Handbook},
   Editor = {Kiss, Tibor and Alexiadou, Artemis},
   Series = {Handbooks of Linguistics and Communication Science (HSK)},
   Publisher = {De Gruyter Mouton},
   Address = {Berlin},
   Number = {42.1},
   Pages = {246--274},
   Year = {2015} }

@book{Adger04a,
   Author = {Adger, David},
   Title = {Core Syntax: A Minimalist Approach},
   Publisher = {Oxford University Press},
   Address = {Oxford},
   Year = {2004} }
   
@article{Barwise&Co81a,
   Author = {Barwise, Jon and Cooper, Robin},
   Title = {Generalized Quantifiers in Natural Language},
   Journal = {Linguistics and Philosophy},
   Volume = {4},
   Number = {1},
   Pages = {159--219},
   Year = {1981} }

@book{Chomsky57a,
   Author = {Chomsky, Noam},
   Title = {Syntactic Structures},
   Publisher = {Mouton de Gruyter},
   Address = {The Hague},
   Series = {Janua Linguarum [Series minor]},
   Number = {4},
   Year = {1957} }

@book{Chomsky65a,
   Author = {Chomsky, Noam},
   Title = {Aspects of the Theory of Syntax},
   Publisher = {MIT Press},
   Address = {Cambridge},
   Year = {1965} }

@incollection{Chomsky70a,
   Author = {Chomsky, Noam},
   Title = {Remarks on Nominalization},
   BookTitle = {Readings in English Transformational Grammar},
   Editor = {Jacobs, Roderick A. and Rosenbaum, Peter S.},
   Publisher = {Ginn \& Company},
   Address = {Waltham},
   Pages = {184--221},
   Year = {1970} }

@book{Chomsky81b,
	Author = {Chomsky, Noam},
	Title = {Lectures on Government and Binding},
	Publisher = {Foris Publications},
	Address = {Dordrecht},
	Series = {Studies in Generative Grammar},
	Year = {1981} }

@misc{LeipzigGloss15a,
	Author = {Comrie, Bernard and Haspelmath, Martin and Bickel, Balthasar},
	Title = {Leipzig Glossing Rules},
	Publisher = {Max Planck Institute for Evolutionary Anthropology},
	URL = {http://www.eva.mpg.de/lingua/resources/glossing-rules.php},
	URLdate = {27/01/2016},
	Year = {2015} }

@misc{DR17a,
	Key = {DR},
	Organization = {Rat für deutsche Rechtschreibung},	
	title = {\emph{Deutsche Rechtschreibung: Regeln und Wörterverzeichnis. Aktualisierte Fassung des amtlichen Regelwerks entsprechend den Empfehlungen des Rats für deutsche Rechtschreibung 2016}. {Mannheim}},
	address = {Mannheim},
	URL = {http://www.rechtschreibrat.com/regeln-und-woerterverzeichnis/},
	URLdate = {05/12/2017},
	year = {2017} }

@misc{Freitag&MyP15a,
	Author = {Freitag, Constantin and {Machicao y Priemer}, Antonio},
	Title = {{LaTeX}-{E}inführung für {Linguisten} ({Version} 2019)},
	Publisher = {Humboldt-Universität zu Berlin},
	Howpublished = {Reader},
	DOI = {10.13140/RG.2.2.29299.27682},
	URL = {https://doi.org/10.13140/RG.2.2.29299.27682},
	URLdate = {23/10/2019},
	Year = {2019} }

@incollection{Fries&MyP16a,
	Author = {Fries, Norbert and {Machicao y Priemer}, Antonio},
	Title = {{X-{B}ar-{T}heorie}},
	BookTitle = {Metzler {L}exikon {S}prache},
	Editor = {Glück, Helmut and Rödel, Michael},
	Publisher = {Metzler},
	Address = {Stuttgart},
	Edition = {5},
	Pages = {779--780},
	Year = {2016} }

@misc{Haspelmath14a,
	Author = {Haspelmath, Martin},
	Title = {The Generic Style Rules for Linguistics},
	Publisher = {Max Planck Institute for Evolutionary Anthropology},
	URL = {http://www.eva.mpg.de/linguistics/staff/martin-haspelmath/generic-style-rules.html},
	URLdate = {06/03/2015},
	Howpublished = {Manuscript},	
	Year = {2014} }

@book{Heim&Kratzer00a,
   Author = {Heim, Irene and Kratzer, Angelika},
   Title = {Semantics in {G}enerative {G}rammar},
   Publisher = {Blackwell},
   Address = {Oxford},
   Edition = {2},
   Series = {Blackwell Textbooks in Linguistics},
   Number = {13},
   Year = {2000} }

@book{Kertesz&Co19a,
	Editor = {Kertész, András and Moravcsik, Edith and Rákosi, Csilla},
	Title = {Current Approaches to Syntax: A Comparative Handbook},
	Publisher = {De Gruyter Mouton},
	Address = {Berlin},
	Series = {Comparative Handbooks of Linguistics},
	Number = {3},
	Year = {2019} }

@misc{Kohm&Co13a,
	Author = {Kohm, Markus and Morawski, Jens-Uwe},
	Title = {Die {Anleitung}: {KOMA}-Script},
	URL = {http://www.ctan.org/pkg/koma-script},
	URLdate = {28/01/2014},
	Howpublished = {Online-Handbuch},
	Year = {2014} }

@article{Kolb&Co10a,
	Author = {Kolb, Hans-Peter and Thiersch, Craig and Dimitriadis, Alexis},
	Journal = {CTAN: Comprehensive TeX Archive Network},
	Title = {Preliminary Documentation for gb4e.sty and cgloss4e.sty},
	Howpublished = {Handbuch},
	URL = {http://www.ctan.org/pkg/gb4e},
	URLdate = {15.05.2013},
	Year = {2010} }

@incollection{Krifka14a,
	Author = {Krifka, Manfred},
	Title = {\emph{Ja}, \emph{nein}, \emph{doch} als sententiale {A}naphern und deren pragmatische {O}ptimierung},
	BookTitle = {Zwischen {K}ern und {P}eripherie: {U}ntersuchungen zu {R}andbereichen in {S}prache und {G}rammatik},
	Editor = {{Machicao y Priemer}, Antonio and Nolda, Andreas and Sioupi, Athina},
	Series = {Studia grammatica},
	Number = {76},
	Publisher = {De Gruyter},
	Address = {Berlin},
	Pages = {41--67},
	Year = {2014} }

@book{MyP&Co14b,
	Editor = {{Machicao y Priemer}, Antonio and Nolda, Andreas and Sioupi, Athina},
	Title = {Zwischen {K}ern und {P}eripherie: {U}ntersuchungen zu {R}andbereichen in {S}prache und {G}rammatik},
	Publisher = {De Gruyter},
	Address = {Berlin},
	Series = {Studia grammatica},
	Number = {76},
	Year = {2014} }

@misc{MyP17c,
	Author = {{Machicao y Priemer}, Antonio},
	Title = {Hinweise für {Seminararbeiten}},
	Publisher = {Humboldt-Universität zu Berlin},
	URL = {https://www.linguistik.hu-berlin.de/de/staff/amyp/downloads/myp-hinweise_seminararbeit.pdf},
	URLdate = {06/08/2019},
	Howpublished = {Manuscript},
	Year = {2019} }


@incollection{MyP18b,
	Author = {{Machicao y Priemer}, Antonio},
	Title = {Kopf},
	BookTitle = {Grammatik: Syntax},
	Editor = {Schierholz, Stefan and Uzonyi, Pál},
	Series = {Wörterbücher zur Sprach- und Kommunikationswissenschaft (Online)},
	Number = {1.2},
	Publisher = {De Gruyter},
	Address = {Berlin},
	URL = {https://www.researchgate.net/publication/325046855_Kopf_Pre-Print},
	URLdate = {14/08/2018},
	Year = {2018} }
   
@incollection{MuellerS14a,
   Author = {Müller, Stefan},
   Title = {{Kernigkeit: Anmerkungen zur Kern-Peripherie-Unterscheidung}},
   BookTitle = {{Zwischen Kern und Peripherie: Untersuchungen zu Randbereichen in Sprache und Grammatik}},
   Editor = {{Machicao y Priemer}, Antonio and Nolda, Andreas and Sioupi, Athina},
   Publisher = {De Gruyter},
   Address = {Berlin},
   Pages = {25--39},
   Year = {2014} }

@incollection{Nolda&Co14a,
   Author = {Nolda, Andreas and {Machicao y Priemer}, Antonio and Sioupi, Athina},
   Title = {Die {K}ern/{P}eripherie-{U}nterscheidung: {P}robleme und {P}ositionen},
   BookTitle = {{Zwischen Kern und Peripherie: Untersuchungen zu Randbereichen in Sprache und Grammatik}},
   Editor = {{Machicao y Priemer}, Antonio and Nolda, Andreas and Sioupi, Athina},
   Series = {Studia grammatica},
   Number = {76},
   Publisher = {De Gruyter},
   Address = {Berlin},
   Pages = {9--23},
   Year = {2014} }

@book{Rothstein11a,
	Author = {Rothstein, Björn},
	Title = {{Wissenschaftliches} {Arbeiten} für {Linguisten}},
	Publisher = {Narr},
	Address = {Tübingen},
	Year = {2011} }

@incollection{Wiese&Co14a,
   Author = {Wiese, Heike and Piñango, Maria},
   Title = {Computations in the {Mental Lexicon}: Noun Classes and the Mass/Count Distinction},
   BookTitle = {Zwischen Kern und Peripherie: Untersuchungen zu Randbereichen in Sprache und Grammatik},
   Editor = {{Machicao y Priemer}, Antonio and Nolda, Andreas and Sioupi, Athina},
   Publisher = {De Gruyter},
   Address = {Berlin},
   Pages = {209--235},
   Year = {2014} }
   
      
  