@phdthesis{Abney87a,
	author = {Abney, Steven P.},
	title = {The {E}nglish Noun Phrase in its Sentential Aspect},
	school = {Massachusetts Institute of Technology},
	URL = {http://www.vinartus.net/spa/87a.pdf},
	URLdate = {2025-04-14},
	type = {Ph{D} Thesis},
	year = {1987}}
   
@incollection{Ackema15a,
   Author = {Ackema, Peter},
   Title = {Arguments and Adjuncts},
   BookTitle = {Syntax -- {T}heory and Analysis: An International Handbook},
   Editor = {Kiss, Tibor and Alexiadou, Artemis},
   Series = {Handbooks of Linguistics and Communication Science (HSK)},
   Publisher = {De Gruyter Mouton},
   Address = {Berlin},
   Number = {42.1},
   Pages = {246--274},
   Year = {2015} }

@book{Adger04a,
   Author = {Adger, David},
   Title = {Core Syntax: A Minimalist Approach},
   Publisher = {Oxford University Press},
   Address = {Oxford},
   Year = {2004} }
   
@article{Barwise&Co81a,
   Author = {Barwise, Jon and Cooper, Robin},
   Title = {Generalized Quantifiers in Natural Language},
   Journal = {Linguistics and Philosophy},
   Volume = {4},
   Number = {1},
   Pages = {159--219},
   Year = {1981} }

@misc{LeipzigGloss15a,
	Author = {Comrie, Bernard and Haspelmath, Martin and Bickel, Balthasar},
	Title = {Leipzig Glossing Rules},
	Publisher = {Max Planck Institute for Evolutionary Anthropology},
	URL = {http://www.eva.mpg.de/lingua/resources/glossing-rules.php},
	URLdate = {2025-04-13},
	Year = {2015} }

@misc{DR17a,
	Key = {DR},
	Organization = {Rat für deutsche Rechtschreibung},	
	title = {\emph{Deutsche Rechtschreibung: Regeln und Wörterverzeichnis. Aktualisierte Fassung des amtlichen Regelwerks entsprechend den Empfehlungen des Rats für deutsche Rechtschreibung 2016}. {Mannheim}},
	address = {Mannheim},
	URL = {http://www.rechtschreibrat.com/regeln-und-woerterverzeichnis/},
	URLdate = {2017-12-05},
	year = {2017} }

@misc{Freitag&MyP15a,
	Author = {Freitag, Constantin and {Machicao y Priemer}, Antonio},
	Title = {{LaTeX}-{E}inführung für {Linguisten} ({Version} 2019)},
	Publisher = {Humboldt-Universität zu Berlin},
	Howpublished = {Reader},
	DOI = {10.13140/RG.2.2.29299.27682},
	URL = {https://doi.org/10.13140/RG.2.2.29299.27682},
	URLdate = {2025-04-13},
	Year = {2019} }

@book{Heim&Kratzer00a,
   Author = {Heim, Irene and Kratzer, Angelika},
   Title = {Semantics in {G}enerative {G}rammar},
   Publisher = {Blackwell},
   Address = {Oxford},
   Edition = {2},
   Series = {Blackwell Textbooks in Linguistics},
   Number = {13},
   Year = {2000} }

@article{Kolb&Co10a,
	Author = {Kolb, Hans-Peter and Thiersch, Craig and Dimitriadis, Alexis},
	Journal = {CTAN: Comprehensive TeX Archive Network},
	Title = {Preliminary Documentation for gb4e.sty and cgloss4e.sty},
	Howpublished = {Handbuch},
	URL = {http://www.ctan.org/pkg/gb4e},
	URLdate = {2025-04-13},
	Year = {2010} }

@book{MyP&Co14b,
	Editor = {{Machicao y Priemer}, Antonio and Nolda, Andreas and Sioupi, Athina},
	Title = {Zwischen {K}ern und {P}eripherie: {U}ntersuchungen zu {R}andbereichen in {S}prache und {G}rammatik},
	Publisher = {De Gruyter},
	Address = {Berlin},
	Series = {Studia grammatica},
	Number = {76},
	Year = {2014} }

@incollection{MyP18b,
	Author = {{Machicao y Priemer}, Antonio},
	Title = {Kopf},
	BookTitle = {Grammatik: Syntax},
	Editor = {Schierholz, Stefan and Uzonyi, Pál},
	Series = {Wörterbücher zur Sprach- und Kommunikationswissenschaft (Online)},
	Number = {1.2},
	Publisher = {De Gruyter},
	Address = {Berlin},
	URL = {https://www.researchgate.net/publication/325046855_Kopf_Pre-Print},
	URLdate = {2025-04-13},
	Year = {2018} }